<?xml version="1.0" encoding="UTF-8"?><collection xmlns="http://www.loc.gov/MARC21/slim"><record><leader>00418nam--2200169-i-4500</leader><controlfield tag="001">000020965</controlfield><controlfield tag="002">20161230</controlfield><controlfield tag="005">20161230201033</controlfield><controlfield tag="008">060222s1000------------r-----000-0-eng-d</controlfield><datafield ind1=" " ind2=" " tag="020"><subfield code="a">0896030970</subfield></datafield><datafield ind1=" " ind2=" " tag="080"><subfield code="a">616-006</subfield></datafield><datafield ind1="1" ind2=" " tag="100"><subfield code="a">Gray, J.W</subfield></datafield><datafield ind1=" " ind2=" " tag="245"><subfield code="a">Techniques in cell cycle analysis</subfield></datafield><datafield ind1=" " ind2=" " tag="260"><subfield code="a">Clifton, New Jersey, 1987. 407 P</subfield></datafield><datafield ind1=" " ind2=" " tag="700"><subfield code="a">Darzynkiewicz, Z</subfield></datafield><datafield ind1=" " ind2=" " tag="852"><subfield code="a">80256</subfield></datafield><datafield ind1=" " ind2=" " tag="CAT"><subfield code="a">Sys</subfield><subfield code="c">20110412</subfield><subfield code="h">134313</subfield></datafield></record></collection>